@article{Cressman1959,
  author    = {George P. Cressman},
  title     = {An Operational Objective Analysis System},
  journal   = {Monthly Weather Review},
  year      = {1959},
  volume    = {87},
  number    = {10},
  pages     = {367--374},
  doi       = {10.1175/1520-0493(1959)087<0367:AOOAS>2.0.CO;2}
}

@article{Barnes1964,
  author    = {Stanley L. Barnes},
  title     = {A Technique for Maximizing Details in Numerical Weather Map Analysis},
  journal   = {Journal of Applied Meteorology},
  year      = {1964},
  volume    = {3},
  number    = {4},
  pages     = {396--409},
  doi       = {10.1175/1520-0450(1964)003<0396:ATFMDI>2.0.CO;2}
}


@book{BouttierCourtier1999,
  author    = {F. Bouttier and P. Courtier},
  title     = {Data Assimilation Concepts and Methods},
  publisher = {ECMWF},
  year      = {1999}
}

@article{Bergthorsson1955,
  author    = {Bergthorsson, P. and Döös, B.},
  year      = {1955},
  title     = {Numerical weather map analysis},
  journal   = {Tellus},
  volume    = {7},
  pages     = {329--340},
  doi       = {10.3402/tellusa.v7i3.8790}
}

@book{Gandin1963,
  author    = {Gandin, L. S.},
  year      = {1963},
  title     = {Objective Analysis of Meteorological Fields},
  publisher = {Israel Program for Scientific Translations},
  address   = {Jerusalem},
  note      = {Translation of Russian edition, 1960}
}

@article{Lorenc1986,
  author    = {Lorenc, A. C.},
  year      = {1986},
  title     = {Analysis methods for numerical weather prediction},
  journal   = {Quarterly Journal of the Royal Meteorological Society},
  volume    = {112},
  number    = {474},
  pages     = {1177--1194},
  doi       = {10.1002/qj.49711247414}
}
@article{Kalman1960,
  author    = {Rudolf E. Kálmán},
  title     = {A New Approach to Linear Filtering and Prediction Problems},
  journal   = {Journal of Basic Engineering},
  year      = {1960},
  volume    = {82},
  number    = {1},
  pages     = {35--45},
  doi       = {10.1115/1.3662552}
}

@book{Kalnay2003,
  author    = {Kalnay, Eugenia},
  year      = {2003},
  title     = {Atmospheric Modeling, Data Assimilation and Predictability},
  publisher = {Cambridge University Press},
  address   = {Cambridge, UK},
  doi       = {10.1017/CBO9780511802270}
}

@book{Evensen2009,
  author    = {Evensen, Geir},
  year      = {2009},
  title     = {Data Assimilation: The Ensemble Kalman Filter},
  edition   = {2nd},
  publisher = {Springer},
  address   = {Berlin, Heidelberg},
  doi       = {10.1007/978-3-642-03711-5}
}

@article{Talagrand1997,
  author    = {Talagrand, Olivier},
  year      = {1997},
  title     = {Assimilation of observations, an introduction},
  journal   = {Journal of the Meteorological Society of Japan},
  volume    = {75},
  pages     = {191--209}
}

@article{Carrassi2018,
  author    = {Carrassi, Alberto and Bocquet, Marc and Bertino, Laurent and Evensen, Geir},
  year      = {2018},
  title     = {Data assimilation in the geosciences: An overview of methods, issues, and perspectives},
  journal   = {WIREs Climate Change},
  volume    = {9},
  number    = {5},
  pages     = {e535},
  doi       = {10.1002/wcc.535}
}
